<?xml version="1.0" encoding="UTF-8"?><collection xmlns="http://www.loc.gov/MARC21/slim"><record><leader>00369nam--2200133-i-4500</leader><controlfield tag="001">000006840</controlfield><controlfield tag="002">20161230</controlfield><controlfield tag="005">20161230201027</controlfield><controlfield tag="008">060222s1000------------r-----000-0-eng-d</controlfield><datafield ind1=" " ind2=" " tag="100"><subfield code="a">Banthorpe, D.V</subfield></datafield><datafield ind1=" " ind2=" " tag="245"><subfield code="a">Elimination reactions</subfield></datafield><datafield ind1=" " ind2=" " tag="260"><subfield code="a">Amsterdam, Elsevier Publishing Co., 1963. Viii + 251 P</subfield></datafield><datafield ind1=" " ind2=" " tag="490"><subfield code="a">Reaaction Mechanisms In Organic Chemistry</subfield></datafield><datafield ind1=" " ind2=" " tag="852"><subfield code="a">13870</subfield></datafield></record></collection>